@ARTICLE{Grosz_and_Sidner_1986,
  author = {Barbara Grosz and Candace Sidner},
  title = {Attention, intention, and the structure of discourse},
  journal = {Computational Linguistics},
  year = {1986},
  volume = {12},
  pages = {175-204},
  number = {3},
  month = {July-September}
}
